<?xml version="1.0" encoding="UTF-8"?><collection xmlns="http://www.loc.gov/MARC21/slim"><record><leader>00684nam--2200181-i-4500</leader><controlfield tag="001">000020279</controlfield><controlfield tag="002">20161230</controlfield><controlfield tag="005">20161230201033</controlfield><controlfield tag="008">060222s1000------------r-----000-0-eng-d</controlfield><datafield ind1=" " ind2=" " tag="040"><subfield code="a">IFIN-HH</subfield></datafield><datafield ind1=" " ind2=" " tag="080"><subfield code="a">537.622.4</subfield></datafield><datafield ind1="1" ind2=" " tag="100"><subfield code="a">Vonsovskii, S. V</subfield></datafield><datafield ind1="1" ind2="0" tag="245"><subfield code="a">Ferromagnetic resonance. the phenomenon of resonant absorption of a high-frequency magnetic field in ferromagnetic substances. translated by h.s.h. massey, translation edited by d. ter haar</subfield><subfield code="c">S.v. vonsovskii (ed.)</subfield></datafield><datafield ind1=" " ind2=" " tag="260"><subfield code="a">Oxford</subfield><subfield code="b">Pergamon Press</subfield><subfield code="c">1966</subfield></datafield><datafield ind1=" " ind2=" " tag="300"><subfield code="a">XIII + 325 P</subfield></datafield><datafield ind1=" " ind2=" " tag="490"><subfield code="a">International Series Of Monographs In Solid State Physics</subfield><subfield code="v">Vol. 4</subfield></datafield><datafield ind1=" " ind2=" " tag="852"><subfield code="a">17947</subfield><subfield code="c">539.2</subfield></datafield><datafield ind1=" " ind2=" " tag="CAT"><subfield code="a">Sys</subfield><subfield code="c">20121004</subfield><subfield code="h">154303</subfield></datafield></record></collection>